[gd_scene load_steps=30 format=2]

[ext_resource path="res://KinematicBody2D.gd" type="Script" id=1]
[ext_resource path="res://Sprites/boost/1.png" type="Texture" id=2]
[ext_resource path="res://Sprites/Sprite_base.png" type="Texture" id=3]
[ext_resource path="res://Sprites/boost/10.png" type="Texture" id=4]
[ext_resource path="res://Sprites/boost/5.png" type="Texture" id=5]
[ext_resource path="res://Sprites/boost/4.png" type="Texture" id=6]
[ext_resource path="res://Sprites/boost/6.png" type="Texture" id=7]
[ext_resource path="res://Sprites/boost/2.png" type="Texture" id=8]
[ext_resource path="res://Sprites/boost/8.png" type="Texture" id=9]
[ext_resource path="res://Sprites/boost/9.png" type="Texture" id=10]
[ext_resource path="res://Sprites/boost/3.png" type="Texture" id=11]
[ext_resource path="res://Sprites/boost/7.png" type="Texture" id=12]
[ext_resource path="res://Sprites/explosion/3.png" type="Texture" id=13]
[ext_resource path="res://Sprites/explosion/4.png" type="Texture" id=14]
[ext_resource path="res://Sprites/damage/4.png" type="Texture" id=15]
[ext_resource path="res://Sprites/explosion/1.png" type="Texture" id=16]
[ext_resource path="res://Sprites/explosion/8.png" type="Texture" id=17]
[ext_resource path="res://Sprites/explosion/7.png" type="Texture" id=18]
[ext_resource path="res://Sprites/explosion/5.png" type="Texture" id=19]
[ext_resource path="res://Sprites/explosion/6.png" type="Texture" id=20]
[ext_resource path="res://Sprites/damage/1.png" type="Texture" id=21]
[ext_resource path="res://Sprites/brake/5.png" type="Texture" id=22]
[ext_resource path="res://Sprites/brake/4.png" type="Texture" id=23]
[ext_resource path="res://Sprites/damage/2.png" type="Texture" id=24]
[ext_resource path="res://Sprites/damage/3.png" type="Texture" id=26]
[ext_resource path="res://Sprites/brake/2.png" type="Texture" id=27]
[ext_resource path="res://Sprites/brake/1.png" type="Texture" id=28]
[ext_resource path="res://Sprites/brake/3.png" type="Texture" id=29]

[sub_resource type="SpriteFrames" id=1]
animations = [ {
"frames": [ ExtResource( 3 ), ExtResource( 2 ), ExtResource( 8 ), ExtResource( 11 ), ExtResource( 6 ), ExtResource( 5 ), ExtResource( 7 ), ExtResource( 12 ), ExtResource( 9 ), ExtResource( 10 ), ExtResource( 4 ) ],
"loop": false,
"name": "boost",
"speed": 60.0
}, {
"frames": [ ExtResource( 10 ), ExtResource( 4 ), ExtResource( 10 ), ExtResource( 4 ) ],
"loop": true,
"name": "boosting",
"speed": 15.0
}, {
"frames": [ ExtResource( 3 ), ExtResource( 28 ), ExtResource( 27 ), ExtResource( 29 ), ExtResource( 23 ), ExtResource( 22 ) ],
"loop": false,
"name": "brake",
"speed": 30.0
}, {
"frames": [ ExtResource( 21 ), ExtResource( 24 ), ExtResource( 26 ), ExtResource( 3 ), ExtResource( 15 ) ],
"loop": false,
"name": "damage",
"speed": 30.0
}, {
"frames": [ ExtResource( 16 ), ExtResource( 13 ), ExtResource( 14 ), ExtResource( 19 ), ExtResource( 20 ), ExtResource( 18 ), ExtResource( 17 ) ],
"loop": false,
"name": "hit",
"speed": 10.0
}, {
"frames": [ ExtResource( 3 ) ],
"loop": false,
"name": "neutral",
"speed": 1.0
} ]

[node name="Plane" type="Node2D"]

[node name="Plane" type="Area2D" parent="."]
script = ExtResource( 1 )
health = 3

[node name="PlaneSprite" type="AnimatedSprite" parent="Plane"]
position = Vector2( 112, 3.05176e-05 )
scale = Vector2( 0.430864, 0.430864 )
frames = SubResource( 1 )
animation = "damage"

[node name="CollisionPolygon2D" type="CollisionPolygon2D" parent="Plane"]
polygon = PoolVector2Array( 14, -16, 153, 0, 211, -11, 262, 8, 322, 25, 261, 33, -27, 33, -48, 26, -51, 17, -75, 17, -76, -4, -47, -4, -45, -62 )

[connection signal="area_shape_entered" from="Plane" to="Plane" method="_on_Plane_area_shape_entered"]
[connection signal="animation_finished" from="Plane/PlaneSprite" to="Plane" method="_on_PlaneSprite_animation_finished"]
